<collection xmlns="http://www.loc.gov/MARC21/slim">
<record>
  <leader>00543na 0a22001451i 450 </leader>
  <controlfield tag="001">IT\ICCU\CNCE\066045</controlfield>
  <controlfield tag="005">20080207000000.0</controlfield>
  <datafield tag="100" ind1=" " ind2=" ">
    <subfield code="a">20060807             0itac0103    ba</subfield>
  </datafield>
  <datafield tag="101" ind1=" " ind2=" ">
    <subfield code="a">LAT</subfield>
  </datafield>
  <datafield tag="200" ind1="1" ind2=" ">
    <subfield code="a">℗Leonardi Giachini medici galenici ℗Libellus</subfield>
  </datafield>
  <datafield tag="700" ind1=" " ind2="1">
    <subfield code="a">Giachini,</subfield>
    <subfield code="b">Leonardo</subfield>
    <subfield code="3">IT\ICCU\CNCA\008666</subfield>
  </datafield>
  <datafield tag="790" ind1=" " ind2="1">
    <subfield code="a">Jacchinus,</subfield>
    <subfield code="b">Lionardo</subfield>
    <subfield code="3">IT\ICCU\CNCA\019504</subfield>
    <subfield code="z">Giachini, Leonardo</subfield>
  </datafield>
  <datafield tag="790" ind1=" " ind2="1">
    <subfield code="a">Giachini,</subfield>
    <subfield code="b">Lionardo</subfield>
    <subfield code="3">IT\ICCU\CNCA\020893</subfield>
    <subfield code="z">Giachini, Leonardo</subfield>
  </datafield>
  <datafield tag="790" ind1=" " ind2="1">
    <subfield code="a">Jacas,</subfield>
    <subfield code="b">Leandro</subfield>
    <subfield code="3">IT\ICCU\CNCA\020894</subfield>
    <subfield code="z">Giachini, Leonardo</subfield>
  </datafield>
  <datafield tag="801" ind1=" " ind2="3">
    <subfield code="a">IT</subfield>
    <subfield code="b">ICCU</subfield>
    <subfield code="c">20201115</subfield>
  </datafield>
</record>
</collection>
